% SPDX-FileCopyrightText: Copyright (c) 2019-2025 Aibolit
% SPDX-License-Identifier: MIT

@article{10.1145/69605.2085,
  author = {Basili, Victor R. and Perricone, Barry T.},
  doi = {10.1145/69605.2085},
  journal = {{Communications of the ACM}},
  month = {1},
  number = {1},
  pages = {42--52},
  title = {{Software Errors and Complexity: An Empirical Investigation}},
  volume = {27},
  year = {1984},
}

@inproceedings{10.5555/256664.256773,
  author = {Chillarege, Ram and Kao, Wei-Lun and Condit, Richard G.},
  doi = {10.5555/256664.256773},
  booktitle = {{Proceedings of the 13th International Conference on Software Engineering}},
  pages = {246--255},
  title = {{Defect Type and Its Impact on the Growth Curve}},
  year = {1991},
}

@article{10.1145/390016.808455,
  author = {Endres, Albert},
  doi = {10.1145/390016.808455},
  journal = {{SIGPLAN Notices}},
  month = {4},
  number = {6},
  pages = {327--336},
  title = {{An Analysis of Errors and Their Causes in System Programs}},
  volume = {10},
  year = {1975},
}

@article{Glass1981PersistentSE,
  author = {Glass, Robert L.},
  doi = {10.1109/TSE.1981.230831},
  journal = {{IEEE Transactions on Software Engineering}},
  number = {2},
  pages = {162--168},
  title = {{Persistent Software Errors}},
  volume = {7},
  year = {1981},
}

@article{10.1145/1353535.1346323,
  author = {Lu, Shan and Park, Soyeon and Seo, Eunsoo and Zhou, Yuanyuan},
  doi = {10.1145/1353535.1346323},
  journal = {{SIGOPS Operating Systems Review}},
  month = {3},
  number = {2},
  pages = {329--339},
  title = {{Learning From Mistakes: A Comprehensive Study on Real World Concurrency Bug Characteristics}},
  volume = {42},
  year = {2008},
}

@article{10.1007/s10664-013-9258-8,
  author = {Tan, Lin and Liu, Chen and Li, Zhenmin and Wang, Xuanhui and Zhou, Yuanyuan and Zhai, Chengxiang},
  doi = {10.1007/s10664-013-9258-8},
  journal = {{Empirical Software Engineering}},
  month = {12},
  number = {6},
  pages = {1665--1705},
  title = {{Bug Characteristics in Open Source Software}},
  volume = {19},
  year = {2014},
}

@misc{catolino2019bugs,
  archiveprefix = {arXiv},
  author = {Catolino, Gemma and Palomba, Fabio and Zaidman, Andy and Ferrucci, Filomena},
  eprint = {1907.11031},
  primaryclass = {cs.SE},
  title = {{Not All Bugs Are the Same: Understanding, Characterizing, and Classifying the Root Cause of Bugs}},
  year = {2019},
}

@misc{wang2019learning,
  archiveprefix = {arXiv},
  author = {Wang, Yu and Gao, Fengjuan and Wang, Linzhang and Wang, Ke},
  eprint = {1907.05579},
  primaryclass = {cs.SE},
  title = {{Learning a Static Bug Finder From Data}},
  year = {2019},
}

@inproceedings{10.1109/SCAM.2012.28,
  author = {Aftandilian, Edward and Sauciuc, Raluca and Priya, Siddharth and Krishnan, Sundaresan},
  doi = {10.1109/SCAM.2012.28},
  booktitle = {{Proceedings of the 12th International Working Conference on Source Code Analysis and Manipulation}},
  pages = {14--23},
  title = {{Building Useful Program Analysis Tools Using an Extensible Java Compiler}},
  year = {2012},
}

@inproceedings{10.1007/978-3-319-17524-9_1,
  author = {Calcagno, Cristiano and Distefano, Dino and Dubreil, Jeremy and Gabi, Dominik and Hooimeijer, Pieter and Luca, Martino and O'Hearn, Peter and Papakonstantinou, Irene and Purbrick, Jim and Rodriguez, Dulma},
  doi = {10.1007/978-3-319-17524-9_1},
  booktitle = {{Proceedings of the NASA Formal Methods}},
  pages = {3--11},
  title = {{Moving Fast With Software Verification}},
  year = {2015},
}

@article{10.1145/1052883.1052895,
  author = {Hovemeyer, David and Pugh, William},
  doi = {10.1145/1052883.1052895},
  journal = {{SIGPLAN Notices}},
  month = {12},
  number = {12},
  pages = {92--106},
  title = {{Finding Bugs Is Easy}},
  volume = {39},
  year = {2004},
}

@inproceedings{10.1145/3238147.3238213,
  author = {Habib, Andrew and Pradel, Michael},
  doi = {10.1145/3238147.3238213},
  booktitle = {{Proceedings of the 33rd International Conference on Automated Software Engineering}},
  pages = {317--328},
  title = {{How Many of All Bugs Do We Find? A Study of Static Bug Detectors}},
  year = {2018},
}

@article{10.1145/1082983.1083147,
  author = {Sliwerski, Jacek and Zimmermann, Thomas and Zeller, Andreas},
  doi = {10.1145/1082983.1083147},
  journal = {{SIGSOFT Software Engineering Notes}},
  month = {5},
  number = {4},
  pages = {1--5},
  title = {{When Do Changes Induce Fixes?}},
  volume = {30},
  year = {2005},
}

@inproceedings{Neto2018EnhancingTS,
  author = {Neto, Edmilson Campos and de Costa, Daniel Alencar and Kulesza, Uira},
  booktitle = {{Proceedings of the 25th International Conference on Software Analysis, Evolution and Reengineering (SANER)}},
  doi = {10.1109/SANER.2018.8330225},
  organization = {{IEEE}},
  pages = {380--390},
  title = {{The Impact of Refactoring Changes on the SZZ Algorithm: An Empirical Study}},
  year = {2018},
}

@misc{bielik2016learning,
  archiveprefix = {arXiv},
  author = {Bielik, Pavol and Raychev, Veselin and Vechev, Martin},
  eprint = {1611.01752},
  primaryclass = {cs.PL},
  title = {{Learning a Static Analyzer From Data}},
  year = {2016},
}

@article{10.1145/3188720,
  author = {Sadowski, Caitlin and Aftandilian, Edward and Eagle, Alex and Miller-Cushon, Liam and Jaspan, Ciera},
  doi = {10.1145/3188720},
  journal = {{Communications of the ACM}},
  month = {3},
  number = {4},
  pages = {58--66},
  title = {{Lessons From Building Static Analysis Tools at Google}},
  volume = {61},
  year = {2018},
}

@article{10.1145/3360585,
  author = {Bader, Johannes and Scott, Andrew and Pradel, Michael and Chandra, Satish},
  doi = {10.1145/3360585},
  journal = {{Proceedings of the ACM on Programming Languages}},
  month = {10},
  number = {191},
  pages = {1--27},
  title = {{Getafix: Learning to Fix Bugs Automatically}},
  volume = {3},
  year = {2019},
}

@misc{dinella2020hoppity,
  author = {Dinella, Elizabeth and Dai, Hanjun and Li, Ziyang and Naik, Mayur and Song, Le and Wang, Ke},
  howpublished = {\url{https://openreview.net/forum?id=SJeqs6EFvB}},
  organization = {{International Conference on Learning Representations}},
  title = {{HOPPITY: LEARNING GRAPH TRANSFORMATIONS to DETECT and FIX BUGS in PROGRAMS}},
  year = {2020},
}

@misc{madeyski2017continuous,
  archiveprefix = {arXiv},
  author = {Madeyski, Lech and Kawalerowicz, Marcin},
  eprint = {1703.04142},
  primaryclass = {cs.SE},
  title = {{Continuous Defect Prediction: The Idea and a Related Dataset}},
  year = {2017},
}

@misc{Gupta2018IntelligentCR,
  author = {Gupta, Anshul and Sundaresan, Neel},
  organization = {{24th ACM SIGKDD International Conference on Knowledge Discovery and Data Mining (KDD'18) Deep Learning Day}},
  title = {{Intelligent Code Reviews Using Deep Learning}},
  year = {2018},
}

@misc{kapur2018estimating,
  archiveprefix = {arXiv},
  author = {Kapur, Ritu and Sodhi, Balwinder},
  eprint = {1803.07764},
  primaryclass = {cs.SE},
  title = {{Estimating Defectiveness of Source Code: A Predictive Model Using GitHub Content}},
  year = {2018},
}

@misc{Dam2018ADT,
  author = {Dam, Khanh Hoa and Pham, Trang and Ng, Shien Wee and Tran, Truyen and Grundy, John and Ghose, Aditya K. and Kim, Taeksu and Kim, Chul-Joo},
  archiveprefix = {arXiv},
  eprint = {1802.00921},
  primaryclass = {cs.SE},
  title = {{A Deep Tree-Based Model for Software Defect Prediction}},
  year = {2018},
}

@article{Pradel2018DeepBugsAL,
  author = {Pradel, Michael and Sen, Koushik},
  doi = {10.1145/3276517},
  journal = {{Proceedings of the ACM on Programming Languages}},
  month = {10},
  number = {147},
  pages = {1--25},
  title = {{DeepBugs: A Learning Approach to Name-Based Bug Detection}},
  volume = {2},
  year = {2018},
}

@misc{Sayyad-Shirabad-Menzies:2005,
  author = {Sayyad Shirabad, J. and Menzies, T. J.},
  title = {{The PROMISE Repository of Software Engineering Databases}},
  howpublished = {\url{https://ieeexplore.ieee.org/document/5989519}},
  note = {[Online; accessed 14-05-2025]},
  year = {2005},
}

@inproceedings{Better_cross,
  author = {Peters, Fayola and Menzies, Tim and Marcus, Andrian},
  booktitle = {{Proceedings of the 10th Working Conference on Mining Software Repositories (MSR)}},
  doi = {10.1109/MSR.2013.6624057},
  month = {5},
  pages = {409--418},
  title = {{Better Cross Company Defect Prediction}},
  year = {2013},
}

@misc{Gokhale97regressiontree,
  author = {Gokhale, Swapna and Lyu, Michael R.},
  howpublished = {\url{https://citeseerx.ist.psu.edu/viewdoc/summary?doi=10.1.1.49.1060}},
  organization = {{Third ISSAT International Conference on Reliability and Quality in Design}},
  title = {{Regression Tree Modeling for the Prediction of Software Quality}},
  year = {1997},
}

@misc{Menzies04assessingpredictors,
  author = {Menzies, Tim and Distefano, Justin and Orrego, Andres S. and Chapman, Robert Mike},
  howpublished = {\url{http://menzies.us/pdf/04psm.pdf}},
  organization = {{Workshop on Predictive Software Models}},
  title = {{Assessing Predictors of Software Defects}},
  year = {2004},
}

@article{Predicting_Fault,
  author = {Graves, Todd L. and Karr, Alan F. and Marron, J. S. and Siy, Harvey},
  doi = {10.1109/32.859533},
  journal = {{IEEE Transactions on Software Engineering}},
  month = {7},
  number = {7},
  pages = {653--661},
  title = {{Predicting Fault Incidence Using Software Change History}},
  volume = {26},
  year = {2000},
}

@article{JANES20063711,
  author = {Janes, Andrea and Scotto, Marco and Pedrycz, Witold and Russo, Barbara and Stefanovic, Milorad and Succi, Giancarlo},
  doi = {10.1016/j.ins.2005.12.002},
  journal = {{Information Sciences}},
  number = {24},
  pages = {3711--3734},
  title = {{Identification of Defect-Prone Classes in Telecommunication Software Systems Using Design Metrics}},
  volume = {176},
  year = {2006},
}

@inproceedings{7510216,
  author = {Rathore, S. S. and Kumar, S.},
  booktitle = {{Proceedings of the National Conference on Recent Advances in Electronics Computer Engineering (RAECE)}},
  doi = {10.1109/RAECE.2015.7510216},
  month = {2},
  pages = {328--332},
  title = {{Comparative Analysis of Neural Network and Genetic Programming for Number of Software Faults Prediction}},
  year = {2015},
}

@article{1717471,
  author = {Zhou, Yuming and Leung, Hareton},
  doi = {10.1109/TSE.2006.102},
  journal = {{IEEE Transactions on Software Engineering}},
  month = {10},
  number = {10},
  pages = {771--789},
  title = {{Empirical Analysis of Object-Oriented Design Metrics for Predicting High and Low Severity Faults}},
  volume = {32},
  year = {2006},
}

@article{SHATNAWI20081868,
  author = {Shatnawi, Raed and Li, Wei},
  doi = {10.1016/j.jss.2007.12.794},
  journal = {{Journal of Systems and Software}},
  number = {11},
  pages = {1868},
  title = {{The Effectiveness of Software Metrics in Identifying Error-Prone Classes in Post-Release Software Evolution Process}},
  volume = {81},
  year = {2008},
}

@inproceedings{6349519,
  author = {Chaturvedi, K. K. and Singh, V. B.},
  booktitle = {{Proceedings of the CSI Sixth International Conference on Software Engineering (CONSEG)}},
  doi = {10.1109/CONSEG.2012.6349519},
  month = {9},
  pages = {1--6},
  title = {{Determining Bug Severity Using Machine Learning Techniques}},
  year = {2012},
}

@article{1702388,
  author = {McCabe, T. J.},
  doi = {10.1109/TSE.1976.233837},
  journal = {{IEEE Transactions on Software Engineering}},
  month = {12},
  number = {4},
  pages = {308--320},
  title = {{A Complexity Measure}},
  volume = {2},
  year = {1976},
}

@article{979986,
  author = {Bansiya, J. and Davis, C. G.},
  doi = {10.1109/32.979986},
  journal = {{IEEE Transactions on Software Engineering}},
  month = {1},
  number = {1},
  pages = {4--17},
  title = {{A Hierarchical Model for Object-Oriented Design Quality Assessment}},
  volume = {28},
  year = {2002},
}

@article{Incorporating_transitive,
  author = {Al Dallal, Jehad},
  doi = {10.1002/spe.2127},
  journal = {{Software: Practice and Experience}},
  month = {6},
  title = {{Incorporating Transitive Relations in Low-Level Design-Based Class Cohesion Measurement}},
  volume = {43},
  year = {2013},
}

@book{The_IT_Measurement_Compendium,
  author = {Bundschuh, Manfred and Dekkers, Carol},
  publisher = {{Springer-Verlag}},
  title = {{The IT Measurement Compendium: Estimating and Benchmarking Success With Functional Size Measurement}},
  year = {2008},
}

@article{MITCHELL20064,
  author = {Mitchell, Aine and Power, James F.},
  doi = {10.1016/j.scico.2005.07.002},
  journal = {{Science of Computer Programming}},
  number = {1},
  pages = {4},
  title = {{A Study of the Influence of Coverage on the Relationship Between Static and Dynamic Coupling Metrics}},
  volume = {59},
  year = {2006},
}

@inproceedings{10.1109/ISSRE.2010.25,
  author = {Nagappan, Nachiappan and Zeller, Andreas and Zimmermann, Thomas and Herzig, Kim and Murphy, Brendan},
  doi = {10.1109/ISSRE.2010.25},
  booktitle = {{Proceedings of the 21st International Symposium on Software Reliability Engineering}},
  pages = {309--318},
  title = {{Change Bursts as Defect Predictors}},
  year = {2010},
}

@inproceedings{4301106,
  author = {Rodriguez, D. and Ruiz, R. and Cuadrado-Gallego, J. and Aguilar-Ruiz, J. and Garre, M.},
  booktitle = {{Proceedings of the 33rd EUROMICRO Conference on Software Engineering and Advanced Applications}},
  doi = {10.1109/EUROMICRO.2007.20},
  month = {8},
  pages = {418--423},
  title = {{Attribute Selection in Software Engineering Datasets for Detecting Fault Modules}},
  year = {2007},
}

@inproceedings{101049,
  author = {Gray, D. and Bowes, David and Davey, N. and Sun, Yi and Christianson, Bruce},
  booktitle = {{Proceedings of the IET Seminar Digest}},
  doi = {10.1049/ic.2011.0012},
  month = {1},
  title = {{The Misuse of the NASA Metrics Data Program Data Sets for Automated Software Defect Prediction}},
  volume = {2011},
  year = {2011},
}

@misc{Building_Useful,
  author = {Seiffert, Chris and Khoshgoftaar, Taghi and Van Hulse, Jason and Napolitano, Amri},
  organization = {{21st International Florida Artificial Intelligence Research Society Conference (FLAIRS-21)}},
  month = {1},
  pages = {306--311},
  title = {{Building Useful Models From Imbalanced Data With Sampling and Boosting}},
  year = {2008},
}

@inproceedings{8952192,
  author = {Gong, L. and Jiang, S. and Wang, R. and Jiang, L.},
  booktitle = {{Proceedings of the 34th International Conference on Automated Software Engineering (ASE)}},
  doi = {10.1109/ASE.2019.00071},
  month = {11},
  pages = {698--709},
  title = {{Empirical Evaluation of the Impact of Class Overlap on Software Defect Prediction}},
  year = {2019},
}

@inproceedings{8777507,
  author = {Agarwal, S. and Gupta, S. and Aggarwal, R. and Maheshwari, S. and Goel, L. and Gupta, S.},
  booktitle = {{Proceedings of the 4th International Conference on Internet of Things: Smart Innovation and Usages (IoT-SIU)}},
  doi = {10.1109/IoT-SIU.2019.8777507},
  month = {4},
  pages = {1--6},
  title = {{Substantiation of Software Defect Prediction Using Statistical Learning: An Empirical Study}},
  year = {2019},
}

@article{1544801,
  author = {Challagulla, V. U. B. and Bastani, F. B. and Yen, I-Ling and Paul, R. A.},
  doi = {10.1142/S0218213008003947},
  journal = {{International Journal on Artificial Intelligence Tools}},
  month = {4},
  number = {2},
  pages = {389--400},
  title = {{Empirical Assessment of Machine Learning Based Software Defect Prediction Techniques}},
  volume = {17},
  year = {2008},
}

@inproceedings{10.1145/1137983.1138012,
  author = {Knab, Patrick and Pinzger, Martin and Bernstein, Abraham},
  doi = {10.1145/1137983.1138012},
  booktitle = {{Proceedings of the International Workshop on Mining Software Repositories}},
  pages = {119--125},
  title = {{Predicting Defect Densities in Source Code Files With Decision Tree Learners}},
  year = {2006},
}

@article{4027145,
  author = {Menzies, T. and Greenwald, J. and Frank, A.},
  doi = {10.1109/TSE.2007.256941},
  journal = {{IEEE Transactions on Software Engineering}},
  month = {1},
  number = {1},
  pages = {2--13},
  title = {{Data Mining Static Code Attributes to Learn Defect Predictors}},
  volume = {33},
  year = {2007},
}

@inproceedings{7476673,
  author = {Macho, C. and McIntosh, S. and Pinzger, M.},
  booktitle = {{Proceedings of the 23rd International Conference on Software Analysis, Evolution, and Reengineering (SANER)}},
  doi = {10.1109/SANER.2016.17},
  month = {3},
  pages = {541--551},
  title = {{Predicting Build Co-Changes With Source Code Change and Commit Categories}},
  volume = {1},
  year = {2016},
}

@inproceedings{10.1145/2786805.2786813,
  author = {Jing, Xiaoyuan and Wu, Fei and Dong, Xiwei and Qi, Fumin and Xu, Baowen},
  doi = {10.1145/2786805.2786813},
  booktitle = {{Proceedings of the 10th Joint Meeting on Foundations of Software Engineering}},
  pages = {496--507},
  title = {{Heterogeneous Cross-Company Defect Prediction by Unified Metric Representation and CCA-Based Transfer Learning}},
  year = {2015},
}

@article{ELISH2008649,
  author = {Elish, Karim O. and Elish, Mahmoud O.},
  doi = {10.1016/j.jss.2007.07.040},
  journal = {{Journal of Systems and Software}},
  number = {5},
  pages = {649},
  title = {{Predicting Defect-Prone Software Modules Using Support Vector Machines}},
  volume = {81},
  year = {2008},
}

@inproceedings{10_1007,
  author = {Yan, Zhen and Chen, Xinyu and Guo, Ping},
  booktitle = {{Proceedings of the Advances in Neural Networks}},
  doi = {10.1007/978-3-642-13318-3_3},
  pages = {17--24},
  title = {{Software Defect Prediction Using Fuzzy Support Vector Regression}},
  year = {2010},
}

@article{THWIN2005147THWIN2005147,
  author = {Thwin, Mie Mie Thet and Quah, Tong-Seng},
  doi = {10.1016/j.jss.2004.05.001},
  journal = {{Journal of Systems and Software}},
  number = {2},
  pages = {147},
  title = {{Application of Neural Networks for Software Quality Prediction Using Object-Oriented Metrics}},
  volume = {76},
  year = {2005},
}

@article{1033229,
  author = {Neumann, D. E.},
  doi = {10.1109/TSE.2002.1033229},
  journal = {{IEEE Transactions on Software Engineering}},
  month = {9},
  number = {9},
  pages = {904--912},
  title = {{An Enhanced Neural Network Technique for Software Risk Analysis}},
  volume = {28},
  year = {2002},
}

@article{semi_supervised_learning,
  author = {Li, Ming and Zhang, Hongyu and Wu, Rongxin and Zhou, Zhi-Hua},
  doi = {10.1007/s10515-011-0092-1},
  journal = {{Automated Software Engineering}},
  month = {6},
  number = {2},
  pages = {201--230},
  title = {{Sample-Based Software Defect Prediction With Active and Semi-Supervised Learning}},
  volume = {19},
  year = {2012},
}

@inproceedings{7965301,
  author = {Wu, Fei and Jing, Xiao-Yuan and Dong, Xiwei and Cao, Jicheng and Xu, Mingwei and Zhang, Hongyu and Ying, Shi and Xu, Baowen},
  booktitle = {{Proceedings of the 39th International Conference on Software Engineering Companion (ICSE-C)}},
  doi = {10.1109/ICSE-C.2017.86},
  month = {5},
  pages = {195--197},
  title = {{Cross-Project and Within-Project Semi-Supervised Software Defect Prediction Problems Study Using a Unified Solution}},
  year = {2017},
}

@article{Zhang2017,
  author = {Zhang, Zhi-Wu and Jing, Xiao-Yuan and Wang, Tie-Jian},
  doi = {10.1007/s10515-016-0194-x},
  journal = {{Automated Software Engineering}},
  month = {3},
  number = {1},
  pages = {47--69},
  title = {{Label Propagation Based Semi-Supervised Learning for Software Defect Prediction}},
  volume = {24},
  year = {2017},
}

@article{10.1145/3360588,
  author = {Li, Yi and Wang, Shaohua and Nguyen, Tien N. and Van Nguyen, Son},
  doi = {10.1145/3360588},
  journal = {{Proceedings of the ACM on Programming Languages}},
  month = {10},
  number = {162},
  pages = {1--30},
  title = {{Improving Bug Detection via Context-Based Code Representation Learning and Attention-Based Neural Networks}},
  volume = {3},
  year = {2019},
}

@article{Ensemble_Techniques,
  author = {Alsaeedi, Abdullah and Khan, Mohammad},
  journal = {{Journal of Software Engineering and Applications}},
  month = {1},
  pages = {85--100},
  title = {{Software Defect Prediction Using Supervised Machine Learning and Ensemble Techniques: A Comparative Study}},
  volume = {12},
  year = {2019},
}

@article{XIAO201917,
  author = {Xiao, Yan and Keung, Jacky and Bennin, Kwabena E. and Mi, Qing},
  journal = {{Information and Software Technology}},
  pages = {17},
  title = {{Improving Bug Localization With Word Embedding and Enhanced Convolutional Neural Networks}},
  volume = {105},
  year = {2019},
}

@book{10.5555/540137,
  author = {Halstead, Maurice H.},
  doi = {10.5555/540137},
  publisher = {Elsevier Science Inc.},
  title = {{Elements of Software Science (Operating and Programming Systems Series)}},
  year = {1977},
}

@inproceedings{1383136,
  author = {Guo, L. and Ma, Y. and Cukic, B. and Singh, Harshinder},
  booktitle = {{Proceedings of the 15th International Symposium on Software Reliability Engineering}},
  month = {11},
  pages = {417--428},
  title = {{Robust Prediction of Fault-Proneness by Random Forests}},
  year = {2004},
}

@article{5989519,
  author = {Huizinga, D. and Kolawa, A.},
  journal = {{Automated Defect Prevention: Best Practices in Software Management}},
  pages = {19--51},
  title = {{Principles of Automated Defect Prevention}},
  year = {2007},
}

@misc{vasic2019neural,
  archiveprefix = {arXiv},
  author = {Vasic, Marko and Kanade, Aditya and Maniatis, Petros and Bieber, David and Singh, Rishabh},
  eprint = {1904.01720},
  primaryclass = {cs.LG},
  title = {{Neural Program Repair by Jointly Learning to Localize and Repair}},
  year = {2019},
}

@misc{briem2019using,
  archiveprefix = {arXiv},
  author = {Briem, J\'{o}n Arnar and Smit, Jordi and Sellik, Hendrig and Rapoport, Pavel},
  eprint = {1911.12863},
  primaryclass = {cs.SE},
  title = {{Using Distributed Representation of Code for Bug Detection}},
  year = {2019},
}

@article{doi_hidden:10.1002,
  journal = {{Software Quality Assurance}},
  pages = {35--65},
  title = {{Quality Culture}},
  year = {2017},
}

@book{Assurance,
  author = {Laporte, Claude Y. and April, Alain},
  publisher = {{Wiley-IEEE Computer Society Press}},
  title = {{Software Quality Assurance}},
  year = {2018},
}

@book{10.5555/1162264,
  author = {Bishop, Christopher M.},
  doi = {10.5555/1162264},
  publisher = {Springer-Verlag},
  title = {{Pattern Recognition and Machine Learning (Information Science and Statistics)}},
  year = {2006},
}

@inproceedings{5609530,
  author = {Kamei, Y. and Matsumoto, S. and Monden, A. and Matsumoto, K. and Adams, B. and Hassan, A. E.},
  booktitle = {{Proceedings of the International Conference on Software Maintenance}},
  month = {9},
  pages = {1--10},
  title = {{Revisiting Common Bug Prediction Findings Using Effort-Aware Models}},
  year = {2010},
}

@article{10.1007/s10462-017-9563-5,
  author = {Rathore, Santosh S. and Kumar, Sandeep},
  doi = {10.1007/s10462-017-9563-5},
  journal = {{Artificial Intelligence Review}},
  month = {2},
  number = {2},
  pages = {255--327},
  title = {{A Study on Software Fault Prediction Techniques}},
  volume = {51},
  year = {2019},
}

@article{859533,
  author = {Graves, T. L. and Karr, A. F. and Marron, J. S. and Siy, H.},
  doi = {10.1109/32.859533},
  journal = {{IEEE Transactions on Software Engineering}},
  month = {7},
  number = {7},
  pages = {653--661},
  title = {{Predicting Fault Incidence Using Software Change History}},
  volume = {26},
  year = {2000},
}

@article{Turhan2009,
  author = {Turhan, Burak and Menzies, Tim and Bener, Ay{\c{s}}e B. and Di Stefano, Justin},
  doi = {10.1007/s10664-008-9103-7},
  journal = {{Empirical Software Engineering}},
  month = {10},
  number = {5},
  pages = {540--578},
  title = {{On the Relative Value of Cross-Company and Within-Company Data for Defect Prediction}},
  volume = {14},
  year = {2009},
}

@misc{DeepBugs,
  author = {Pradel, Michael and Sen, Koushik},
  howpublished = {\url{https://arxiv.org/abs/1805.11683}},
  title = {{DeepBugs: A Learning Approach to Name-Based Bug Detection}},
  year = {2018},
}

@inproceedings{8616596,
  author = {Teshima, Y. and Watanobe, Y.},
  booktitle = {{Proceedings of the International Conference on Systems, Man, and Cybernetics (SMC)}},
  month = {10},
  pages = {3541--3546},
  title = {{Bug Detection Based on LSTM Networks and Solution Codes}},
  year = {2018},
}

@inproceedings{Hinton2001UnsupervisedLF,
  author = {Hinton, Geoffrey E. and Sejnowski, Terrence J.},
  title = {{Unsupervised Learning: Foundations of Neural Computation--a Review}},
  year = {2001},
}

@article{4339230,
  author = {Fluri, B. and Wuersch, M. and PInzger, M. and Gall, H.},
  journal = {{IEEE Transactions on Software Engineering}},
  month = {11},
  number = {11},
  pages = {725--743},
  title = {{Change Distilling:Tree Differencing for Fine-Grained Source Code Change Extraction}},
  volume = {33},
  year = {2007},
}

@inproceedings{6676914,
  author = {Martinez, M. and Duchien, L. and Monperrus, M.},
  booktitle = {{Proceedings of the International Conference on Software Maintenance}},
  month = {9},
  pages = {388--391},
  title = {{Automatically Extracting Instances of Code Change Patterns With AST Analysis}},
  year = {2013},
}

@misc{InternationalStandardOrganization,
  author = {{International Organization for Standardization}},
  title = {{Software Engineering--Product Quality--Part 1: Quality Model}},
  year = {2001},
}

@misc{Husain2019CodeSearchNetCE,
  author = {Husain, Hamel and Wu, Ho-Hsiang and Gazit, Tiferet and Allamanis, Miltiadis and Brockschmidt, Marc},
  archiveprefix = {arXiv},
  eprint = {1909.09436},
  primaryclass = {cs.ML},
  title = {{CodeSearchNet Challenge: Evaluating the State of Semantic Code Search}},
  year = {2019},
}

@inproceedings{Akiyama1971AnEO,
  author = {Akiyama, Fumio},
  booktitle = {{Proceedings of the IFIP Congress}},
  title = {{An Example of Software System Debugging}},
  year = {1971},
}

@inproceedings{7476771,
  author = {Kamei, Y. and Shihab, E.},
  booktitle = {{Proceedings of the 23rd International Conference on Software Analysis, Evolution, and Reengineering (SANER)}},
  month = {3},
  pages = {33--45},
  title = {{Defect Prediction: Accomplishments and Future Challenges}},
  volume = {5},
  year = {2016},
}

@article{6464273,
  author = {Shepperd, M. and Song, Q. and Sun, Z. and Mair, C.},
  journal = {{IEEE Transactions on Software Engineering}},
  month = {9},
  number = {9},
  pages = {1208--1215},
  title = {{Data Quality: Some Comments on the NASA Software Defect Datasets}},
  volume = {39},
  year = {2013},
}

@inproceedings{10.1109/ICPC.2019.00014,
  author = {Fakhoury, Sarah and Roy, Devjeet and Hassan, S. Adnan and Arnaoudova, Venera},
  doi = {10.1109/ICPC.2019.00014},
  booktitle = {{Proceedings of the 27th International Conference on Program Comprehension}},
  pages = {2--12},
  title = {{Improving Source Code Readability: Theory and Practice}},
  year = {2019},
}

@article{8651396,
  author = {Scalabrino, S. and Bavota, G. and Vendome, C. and Linares-V?squez, M. and Poshyvanyk, D. and Oliveto, R.},
  journal = {{IEEE Transactions on Software Engineering}},
  pages = {1},
  title = {{Automatically Assessing Code Understandability}},
  year = {2019},
}

@article{xxx66666444,
  author = {Weimer, W. R. and Buse, R. L.},
  journal = {{IEEE Transactions on Software Engineering}},
  month = {7},
  number = {4},
  pages = {546--558},
  title = {{Learning a Metric for Code Readability}},
  volume = {36},
  year = {2010},
}

@inproceedings{10.1145/1985441.1985454,
  author = {Posnett, Daryl and Hindle, Abram and Devanbu, Premkumar},
  doi = {10.1145/1985441.1985454},
  booktitle = {{Proceedings of the 8th Working Conference on Mining Software Repositories}},
  pages = {73--82},
  title = {{A Simpler Model of Software Readability}},
  year = {2011},
}

@article{doi_hidden:10.1002/smr.1958,
  author = {Scalabrino, Simone and Linares-V\'{a}squez, Mario and Oliveto, Rocco and Poshyvanyk, Denys},
  doi = {10.1002/smr.1958},
  journal = {{Journal of Software: Evolution and Process}},
  number = {6},
  pages = {1--24},
  title = {{A Comprehensive Model for Code Readability}},
  volume = {30},
  year = {2018},
}

@book{humble2010continuous,
  author = {Humble, J. and Farley, D.},
  publisher = {Addison-Wesley},
  title = {{Continuous Delivery: Reliable Software Releases Through Build, Test, and Deployment Automation}},
  year = {2010},
}

@article{Jiang2008,
  author = {Jiang, Yue and Cukic, Bojan and Ma, Yan},
  journal = {{Empirical Software Engineering}},
  month = {10},
  number = {5},
  pages = {561--595},
  title = {{Techniques for Evaluating Fault Prediction Models}},
  volume = {13},
  year = {2008},
}

@article{ARISHOLM20102,
  author = {Arisholm, Erik and Briand, Lionel C. and Johannessen, Eivind B.},
  journal = {{Journal of Systems and Software}},
  number = {1},
  pages = {2},
  title = {{A Systematic and Comprehensive Investigation of Methods to Build and Evaluate Fault Prediction Models}},
  volume = {83},
  year = {2010},
}

@article{10.1109/TSE.2009.70,
  author = {Buse, Raymond P. L. and Weimer, Westley R.},
  doi = {10.1109/TSE.2009.70},
  journal = {{IEEE Transactions on Software Engineering}},
  month = {7},
  number = {4},
  pages = {546--558},
  title = {{Learning a Metric for Code Readability}},
  volume = {36},
  year = {2010},
}

@misc{Readabil74:online,
  author = {Ipeirotis, Panos},
  howpublished = {\url{https://ipeirotis-hrd.appspot.com/}},
  note = {(Accessed on 01/29/2020)},
  title = {{Readability Scores Demo}},
  year = {2020},
}

@inproceedings{10.1007/978-3-319-95171-3_32,
  author = {Choi, Sangchul and Kim, Suntae and Lee, Jeong-Hyu and Kim, JeongAh and Choi, Jae-Young},
  doi = {10.1007/978-3-319-95171-3_32},
  booktitle = {{Proceedings of the Computational Science and Its Applications--ICCSA}},
  pages = {410--421},
  title = {{Measuring the Extent of Source Code Readability Using Regression Analysis}},
  year = {2018},
}

@article{10.1023/A:1010933404324,
  author = {Breiman, Leo},
  doi = {10.1023/A:1010933404324},
  journal = {{Machine Learning}},
  month = {10},
  number = {1},
  pages = {5--32},
  title = {{Random Forests}},
  volume = {45},
  year = {2001},
}

@inproceedings{10.1145/3194164.3194186,
  author = {Campbell, G. Ann},
  doi = {10.1145/3194164.3194186},
  booktitle = {{Proceedings of the International Conference on Technical Debt}},
  pages = {57--58},
  title = {{Cognitive Complexity: An Overview and Evaluation}},
  year = {2018},
}

@article{10.1145/3133925,
  author = {Chae, Kwonsoo and Oh, Hakjoo and Heo, Kihong and Yang, Hongseok},
  doi = {10.1145/3133925},
  journal = {{Proceedings of the ACM on Programming Languages}},
  month = {10},
  pages = {1--28},
  title = {{Automatically Generating Features for Learning Program Analysis Heuristics for C-Like Languages}},
  volume = {1},
  year = {2017},
}

@inproceedings{Learning_a_Strategy_for_Adapting,
  author = {Oh, Hakjoo and Yang, Hongseok and Yi, Kwangkeun},
  booktitle = {{Proceedings of the SIGPLAN International Conference on Object-Oriented Programming, Systems, Languages, and Applications}},
  pages = {572--588},
  title = {{Learning a Strategy for Adapting a Program Analysis via Bayesian Optimisation}},
  year = {2015},
}

@article{Software_quality_the_elusive_target,
  author = {Kitchenham, B. and Pfleeger, S. L.},
  journal = {{IEEE Software}},
  number = {1},
  pages = {12--21},
  title = {{Software Quality: The Elusive Target [Special Issues Section]}},
  volume = {13},
  year = {1996},
}

@book{The_Economics_of_Software_Quality,
  author = {Jones, Capers and Oliver, Bonsignour},
  publisher = {Addison-Wisley},
  title = {{The Economics of Software Quality}},
  year = {2012},
}

@inproceedings{static_code_analysis_for_security,
  author = {Kulenovic, Melina and Donko, Dzenana},
  month = {5},
  title = {{A Survey of Static Code Analysis Methods for Security Vulnerabilities Detection}},
  year = {2014},
}

@inproceedings{Ilyas2016StaticCA,
  author = {Ilyas, Bilal and Elkhalifa, Islam},
  title = {{Static Code Analysis: A Systematic Literature Review and an Industrial Survey}},
  year = {2016},
}

@inproceedings{cognitive_complexity,
  author = {Campbell, G. Ann},
  booktitle = {{Proceedings of the International Conference on Technical Debt}},
  pages = {57--58},
  title = {{Cognitive Complexity: An Overview and Evaluation}},
  year = {2018},
}

@article{Software_metric_for_Java,
  author = {Balmas, Françoise and Bergel, Alexandre and Denier, Simon and Ducasse, Stéphane and Laval, Jannik and Mordal-Manet, Karine and Abdeen, Hani and Bellingard, Fabrice},
  month = {3},
  title = {{Software Metric for Java and C++ Practices (Workpackage 1.1)}},
  year = {2010},
}

@article{Code_Smells_and_Software_Quality,
  author = {Kaur, Amandeep},
  journal = {{Archives of Computational Methods in Engineering}},
  month = {7},
  title = {{A Systematic Literature Review on Empirical Analysis of the Relationship Between Code Smells and Software Quality Attributes}},
  year = {2019},
}

@inproceedings{Overview_Static_Code_Analysis_in_Software_Development,
  author = {Gomes, Ivo Vieira and Morgado, Pedro and Gomes, Tiago and Moreira, Rodrigo Bossini Tavares},
  booktitle = {{Proceedings of the }},
  title = {{An Overview on the Static Code Analysis Approach in Software Development}},
  year = {2009},
}

@inproceedings{Youness2013ComparativeSO,
  author = {Youness, Boukouchi and Abdel-Aziz, M. and Habib, BENLAHMER and Hicham, Moutachaouik},
  title = {{Comparative Study of Software Quality Models}},
  year = {2013},
}

@article{Chidamber1994AMS,
  author = {Chidamber, Shyam R. and Kemerer, Chris F.},
  journal = {{IEEE Transactions on Software Engineering}},
  pages = {476--493},
  title = {{A Metrics Suite for Object Oriented Design}},
  volume = {20},
  year = {1994},
}

@article{Iacob_Constantinescu,
  author = {Iacob, I. M. and Constantinescu, R.},
  journal = {{}},
  title = {{Testing: First Step Towards Software Quality}},
  year = {2008},
}

@article{Liu_Kane,
  author = {Liu, X. F. and Kane, G. and Bambroo, M.},
  journal = {{}},
  title = {{An Intelligent Early Warning System for Software Quality Improvement and Project Management}},
  year = {2006},
}

@article{Liu2006AnIE,
  author = {Liu, Xiaoqing Frank and Kane, Gautam and Bambroo, Monu},
  journal = {{Journal of Systems and Software}},
  pages = {1552--1564},
  title = {{An Intelligent Early Warning System for Software Quality Improvement and Project Management}},
  volume = {79},
  year = {2006},
}

@article{Farhan,
  author = {Alebebisat, Farhan and Alhalhouli, Zaid and Alshabatat, Tamara E.},
  journal = {{}},
  title = {{Review of Literature on Software Quality}},
  year = {2018},
}

@inproceedings{Mohammadi2013AnAO,
  author = {Mohammadi, Nazila Gol and Paulus, Sachar and Bishr, Mohamed and Metzger, Andreas and K{\"o}nnecke, Holger and Hartenstein, Sandro and Pohl, Klaus},
  booktitle = {{Proceedings of the CLOSER}},
  title = {{An Analysis of Software Quality Attributes and Their Contribution to Trustworthiness}},
  year = {2013},
}

@article{McCabe1976ACM,
  author = {McCabe, Thomas J.},
  doi = {10.1109/TSE.1976.233837},
  journal = {{IEEE Transactions on Software Engineering}},
  pages = {308--320},
  title = {{A Complexity Measure}},
  volume = {2},
  year = {1976},
}

@misc{Cognitive,
  author = {Campbell, G. Ann},
  title = {{COGNITIVE COMPLEXITY: a New Way of Measuring Understandability}},
  year = {2018},
}

@inproceedings{Fil2015ACO,
  author = {Fil{\'o}, Tarc{\'i}sio G. S. and Bigonha, Mariza Andrade da Silva},
  title = {{A Catalogue of Thresholds for Object-Oriented Software Metrics}},
  year = {2015},
}

@article{Shatnawi2010FindingSM,
  author = {Shatnawi, Raed and Li, Wei and Swain, James and Newman, Tim},
  journal = {{J. Softw. Maintenance Res. Pract.}},
  pages = {1--16},
  title = {{Finding Software Metrics Threshold Values Using ROC Curves}},
  volume = {22},
  year = {2010},
}

@article{Ouni2011MaintainabilityDD,
  author = {Ouni, Ali and Kessentini, Marouane and Sahraoui, Houari A. and Boukadoum, Mounir},
  journal = {{Automated Software Engineering}},
  pages = {47--79},
  title = {{Maintainability Defects Detection and Correction: A Multi-Objective Approach}},
  volume = {20},
  year = {2011},
}

@inproceedings{Fowler1999RefactoringI,
  author = {Fowler, Martin},
  booktitle = {{Proceedings of the Addison Wesley Object Technology Series}},
  title = {{Refactoring - Improving the Design of Existing Code}},
  year = {1999},
}

@article{Din2012AntipatternsDA,
  author = {Din, Jamilah and Al-Badareen, Anas Bassam and Jusoh, Yah Yusmadi},
  journal = {{2012 7th International Conference on Computing and Convergence Technology (ICCCT)}},
  pages = {926--931},
  title = {{Antipatterns Detection Approaches in Object-Oriented Design: A Literature Review}},
  year = {2012},
}

@article{Kreimer2005AdaptiveDO,
  author = {Kreimer, Jochen},
  journal = {{Electron. Notes Theor. Comput. Sci.}},
  pages = {117--136},
  title = {{Adaptive Detection of Design Flaws}},
  volume = {141},
  year = {2005},
}

@article{Palomba2015MiningVH,
  author = {Palomba, Fabio and Bavota, Gabriele and Penta, Massimiliano Di and Oliveto, Rocco and Poshyvanyk, Denys and Lucia, Andrea De},
  journal = {{IEEE Transactions on Software Engineering}},
  pages = {462--489},
  title = {{Mining Version Histories for Detecting Code Smells}},
  volume = {41},
  year = {2015},
}

@article{Liu2019DeepLB,
  author = {Liu, Hui and Jin, Jiahao and Xu, Zhifeng and Bu, Yifan and Zou, Yanzhen and Zhang, Lu},
  journal = {{IEEE Transactions on Software Engineering}},
  pages = {1},
  title = {{Deep Learning Based Code Smell Detection}},
  year = {2019},
}

@article{Emden2002JavaQA,
  author = {Emden, Eva Van and Moonen, Leon},
  journal = {{Ninth Working Conference on Reverse Engineering, 2002. Proceedings.}},
  pages = {97--106},
  title = {{Java Quality Assurance by Detecting Code Smells}},
  year = {2002},
}

@article{Reeshti2019MeasuringCS,
  author = {Reeshti and Sehgal, Rajni and Nagpal, Renuka and Mehrotra, Deepti},
  journal = {{2019 4th International Conference on Information Systems and Computer Networks (ISCON)}},
  pages = {311--314},
  title = {{Measuring Code Smells and Anti-Patterns}},
  year = {2019},
}

@inproceedings{Friedman2001GreedyFA,
  author = {Friedman, Jerome H.},
  title = {{Greedy Function Approximation: A Gradient Boosting Machine.}},
  year = {2001},
}

@article{Dorogush2018CatBoostGB,
  author = {Dorogush, Anna Veronika and Ershov, Vasily and Gulin, Andrey},
  journal = {{ArXiv}},
  title = {{CatBoost: Gradient Boosting With Categorical Features Support}},
  volume = {abs/1810.11363},
  year = {2018},
}

@inproceedings{Kessentini2019UnderstandingTC,
  author = {Kessentini, Marouane},
  title = {{Understanding the Correlation Between Code Smells and Software Bugs}},
  year = {2019},
}

@inproceedings{MurphyHill2010AnIA,
  author = {Murphy-Hill, Emerson R. and Black, Andrew P.},
  booktitle = {{Proceedings of the SOFTVIS '10}},
  title = {{An Interactive Ambient Visualization for Code Smells}},
  year = {2010},
}

@article{Vaucher2009TrackingDS,
  author = {Vaucher, St{\'e}phane and Khomh, Foutse and Moha, Naouel and Gu{\'e}h{\'e}neuc, Yann-Ga{\"e}l},
  journal = {{2009 16th Working Conference on Reverse Engineering}},
  pages = {145--154},
  title = {{Tracking Design Smells: Lessons From a Study of God Classes}},
  year = {2009},
}

@inproceedings{Broy2006DemystifyingM,
  author = {Broy, Manfred and Dei{\ss}enb{\"o}ck, Florian and Pizka, Markus},
  booktitle = {{Proceedings of the WoSQ '06}},
  title = {{Demystifying Maintainability}},
  year = {2006},
}

@book{gamma1995design,
  author = {Gamma, Erich},
  publisher = {Pearson Education India},
  title = {{Design Patterns: Elements of Reusable Object-Oriented Software}},
  year = {1995},
}

@book{mcconnell2004code,
  author = {McConnell, Steve},
  publisher = {Pearson Education},
  title = {{Code Complete}},
  year = {2004},
}

@inproceedings{LenatFeigenbaum1987,
  author = {Lenat, Douglas and Feigenbaum, Edward},
  month = {1},
  pages = {1173--1182},
  title = {{On the Thresholds of Knowledge.}},
  year = {1987},
}
